<record><leader>00000cas a22000007a 4500</leader><controlfield tag="001">1760407</controlfield><controlfield tag="008">751101c19239999mnuwr ne      0    0eng d</controlfield><datafield ind1=" " ind2=" " tag="010"><subfield code="a">sn 90057647 </subfield></datafield><datafield ind1=" " ind2=" " tag="040"><subfield code="a">MUL</subfield><subfield code="b">eng</subfield><subfield code="c">MUL</subfield><subfield code="d">MN#</subfield><subfield code="d">OCLCQ</subfield><subfield code="d">OCLCF</subfield><subfield code="d">OCLCO</subfield></datafield><datafield ind1="1" ind2=" " tag="029"><subfield code="a">AU@</subfield><subfield code="b">000025875403</subfield></datafield><datafield ind1=" " ind2=" " tag="042"><subfield code="a">msc</subfield></datafield><datafield ind1=" " ind2=" " tag="043"><subfield code="a">n-us-mn</subfield></datafield><datafield ind1=" " ind2=" " tag="052"><subfield code="a">4144</subfield><subfield code="b">A24</subfield></datafield><datafield ind1=" " ind2=" " tag="052"><subfield code="a">4143</subfield><subfield code="b">N6</subfield></datafield><datafield ind1="0" ind2="0" tag="245"><subfield code="a">Nobles County review.</subfield></datafield><datafield ind1="3" ind2="0" tag="246"><subfield code="a">Nobles County review and continuing the Wilmont tribune</subfield></datafield><datafield ind1=" " ind2=" " tag="260"><subfield code="a">Adrian, Minn. :</subfield><subfield code="b">Howard H. Peters</subfield></datafield><datafield ind1=" " ind2=" " tag="300"><subfield code="a">v.</subfield></datafield><datafield ind1=" " ind2=" " tag="310"><subfield code="a">Weekly</subfield></datafield><datafield ind1="1" ind2=" " tag="362"><subfield code="a">Began in 1923?</subfield></datafield><datafield ind1=" " ind2=" " tag="500"><subfield code="a">Published as: Nobles County review and continuing the Wilmont tribune, Feb. 6, 1974-Jan. 30, 1975.</subfield></datafield><datafield ind1=" " ind2=" " tag="530"><subfield code="a">Available on microfilm from the Minnesota Historical Society.</subfield></datafield><datafield ind1=" " ind2=" " tag="588"><subfield code="a">Description based on: Vol. 35, no. 17 (Apr. 16, 1926).</subfield></datafield><datafield ind1=" " ind2="0" tag="651"><subfield code="a">Nobles County (Minn.)</subfield><subfield code="v">Newspapers.</subfield></datafield><datafield ind1=" " ind2="7" tag="655"><subfield code="a">Newspapers.</subfield><subfield code="2">fast</subfield><subfield code="0">(OCoLC)fst01423814</subfield></datafield><datafield ind1=" " ind2="7" tag="651"><subfield code="a">Minnesota</subfield><subfield code="z">Nobles County.</subfield><subfield code="2">fast</subfield><subfield code="0">(OCoLC)fst01214829</subfield></datafield><datafield ind1=" " ind2=" " tag="752"><subfield code="a">United States</subfield><subfield code="b">Minnesota</subfield><subfield code="c">Nobles</subfield><subfield code="d">Adrian.</subfield></datafield><datafield ind1="0" ind2="0" tag="780"><subfield code="t">Nobles County Democrat</subfield><subfield code="w">(DLC)sn 90057646</subfield></datafield><datafield ind1="0" ind2="5" tag="780"><subfield code="t">Wilmont tribune</subfield><subfield code="w">(DLC)sn 90057663</subfield></datafield></record>